<record><leader>00000cas a2200000 a 4500</leader><controlfield tag="001">11531541</controlfield><controlfield tag="008">841228d19691973hiuwr ne      0   a0eng d</controlfield><datafield ind1=" " ind2=" " tag="010"><subfield code="a">sn 84045356 </subfield></datafield><datafield ind1=" " ind2=" " tag="040"><subfield code="a">HUH</subfield><subfield code="b">eng</subfield><subfield code="c">HUH</subfield><subfield code="d">HWN</subfield><subfield code="d">NSD</subfield><subfield code="d">DLC</subfield><subfield code="d">NSD</subfield><subfield code="d">OCL</subfield><subfield code="d">OCLCQ</subfield><subfield code="d">OCLCF</subfield><subfield code="d">OCLCO</subfield></datafield><datafield ind1="1" ind2=" " tag="022"><subfield code="a">8750-913X</subfield><subfield code="l">8750-913X</subfield><subfield code="2">1</subfield></datafield><datafield ind1=" " ind2=" " tag="042"><subfield code="a">msc</subfield><subfield code="a">nsdp</subfield></datafield><datafield ind1=" " ind2=" " tag="043"><subfield code="a">n-us-hi</subfield></datafield><datafield ind1=" " ind2=" " tag="090"><subfield code="a">DU624.7.J3</subfield><subfield code="b">b H374</subfield></datafield><datafield ind1="0" ind2=" " tag="130"><subfield code="a">Hawaii herald (Honolulu, Hawaii : 1969)</subfield></datafield><datafield ind1=" " ind2="4" tag="222"><subfield code="a">The Hawaii herald</subfield><subfield code="b">(1969)</subfield></datafield><datafield ind1="0" ind2="4" tag="245"><subfield code="a">The Hawaii herald.</subfield></datafield><datafield ind1=" " ind2=" " tag="260"><subfield code="a">Honolulu :</subfield><subfield code="b">The Hawaii Hochi, Ltd.,</subfield><subfield code="c">1969-1973.</subfield></datafield><datafield ind1=" " ind2=" " tag="300"><subfield code="a">3 v. :</subfield><subfield code="b">ill. ;</subfield><subfield code="c">40 cm.</subfield></datafield><datafield ind1="0" ind2=" " tag="362"><subfield code="a">Apr. 1, 1969-Oct. 26, 1973.</subfield></datafield><datafield ind1=" " ind2=" " tag="500"><subfield code="a">"The voice of the AJA [Americans of Japanese Ancestry]."</subfield></datafield><datafield ind1=" " ind2=" " tag="515"><subfield code="a">Issues for 1969-Apr. 1, 1971 called v. 1, no. 1-v. 3, no. 13; issues for Apr. 8, 1971-1973 repeat vol. numbering and are called v. 1, no. 1-v. 3, no. 43.</subfield></datafield><datafield ind1=" " ind2=" " tag="580"><subfield code="a">Continued by a publication with the same title, issued beginning May 16, 1980.</subfield></datafield><datafield ind1=" " ind2="0" tag="650"><subfield code="a">Japanese Americans</subfield><subfield code="z">Hawaii</subfield><subfield code="v">Periodicals.</subfield></datafield><datafield ind1=" " ind2="7" tag="655"><subfield code="a">Periodicals.</subfield><subfield code="2">fast</subfield><subfield code="0">(OCoLC)fst01411641</subfield></datafield><datafield ind1=" " ind2="7" tag="650"><subfield code="a">Japanese Americans.</subfield><subfield code="2">fast</subfield><subfield code="0">(OCoLC)fst00981441</subfield></datafield><datafield ind1=" " ind2="7" tag="651"><subfield code="a">Hawaii.</subfield><subfield code="2">fast</subfield><subfield code="0">(OCoLC)fst01208724</subfield></datafield><datafield ind1=" " ind2=" " tag="752"><subfield code="a">United States</subfield><subfield code="b">Hawaii</subfield><subfield code="c">Honolulu</subfield><subfield code="d">Honolulu.</subfield></datafield><datafield ind1="1" ind2="0" tag="785"><subfield code="t">Hawaii herald (Honolulu, Hawaii : 1980)</subfield><subfield code="x">8750-913X</subfield><subfield code="w">(DLC)sn 85047500</subfield><subfield code="w">(OCoLC)6671356</subfield></datafield><datafield ind1=" " ind2=" " tag="936"><subfield code="a">INC</subfield></datafield></record>